%% This BibTeX bibliography file was created using BibDesk.
%% http://bibdesk.sourceforge.net/


%% Created for Michael Frank at 2017-07-20 11:30:24 -0700 


%% Saved with string encoding Unicode (UTF-8) 



@article{blair2007,
	Author = {Blair, Clancy and Razza, Rachel Peters},
	Date-Added = {2017-07-20 18:30:21 +0000},
	Date-Modified = {2017-07-20 18:30:24 +0000},
	Journal = {Child development},
	Number = {2},
	Pages = {647--663},
	Publisher = {Wiley Online Library},
	Title = {Relating effortful control, executive function, and false belief understanding to emerging math and literacy ability in kindergarten},
	Volume = {78},
	Year = {2007}}

@article{duckworth2007,
	Author = {Duckworth, Angela L and Peterson, Christopher and Matthews, Michael D and Kelly, Dennis R},
	Date-Added = {2017-07-20 18:29:54 +0000},
	Date-Modified = {2017-07-20 18:30:24 +0000},
	Journal = {Journal of personality and social psychology},
	Number = {6},
	Pages = {1087},
	Publisher = {American Psychological Association},
	Title = {Grit: perseverance and passion for long-term goals.},
	Volume = {92},
	Year = {2007}}

@article{blackwell2007,
	Author = {Blackwell, Lisa S and Trzesniewski, Kali H and Dweck, Carol Sorich},
	Date-Added = {2017-07-20 18:28:59 +0000},
	Date-Modified = {2017-07-20 18:30:24 +0000},
	Journal = {Child development},
	Number = {1},
	Pages = {246--263},
	Publisher = {Wiley Online Library},
	Title = {Implicit theories of intelligence predict achievement across an adolescent transition: A longitudinal study and an intervention},
	Volume = {78},
	Year = {2007}}

@article{hanushek1997,
	Author = {Hanushek, Eric A},
	Date-Added = {2017-07-20 18:24:28 +0000},
	Date-Modified = {2017-07-20 18:24:30 +0000},
	Journal = {Educational evaluation and policy analysis},
	Number = {2},
	Pages = {141--164},
	Publisher = {Sage Publications Sage CA: Los Angeles, CA},
	Title = {Assessing the effects of school resources on student performance: An update},
	Volume = {19},
	Year = {1997}}

@article{krueger2003,
	Author = {Krueger, Alan B},
	Date-Added = {2017-07-20 18:24:09 +0000},
	Date-Modified = {2017-07-20 18:24:11 +0000},
	Journal = {The Economic Journal},
	Number = {485},
	Publisher = {Wiley Online Library},
	Title = {Economic considerations and class size},
	Volume = {113},
	Year = {2003}}

@article{vul2014,
	Author = {Vul, Edward and Goodman, Noah and Griffiths, Thomas L and Tenenbaum, Joshua B},
	Date-Added = {2017-07-19 20:45:41 +0000},
	Date-Modified = {2017-07-19 20:45:43 +0000},
	Journal = {Cognitive science},
	Number = {4},
	Pages = {599--637},
	Publisher = {Wiley Online Library},
	Title = {One and done? Optimal decisions from very few samples},
	Volume = {38},
	Year = {2014}}

@book{lewis2008,
	Author = {Lewis, David},
	Date-Added = {2017-07-18 18:10:04 +0000},
	Date-Modified = {2017-07-18 18:10:08 +0000},
	Publisher = {John Wiley \& Sons},
	Title = {Convention: A philosophical study},
	Year = {2008}}

@article{shafto2014,
	Author = {Shafto, Patrick and Goodman, Noah D and Griffiths, Thomas L},
	Date-Added = {2017-07-18 18:09:34 +0000},
	Date-Modified = {2017-07-18 18:09:35 +0000},
	Journal = {Cognitive psychology},
	Pages = {55--89},
	Publisher = {Elsevier},
	Title = {A rational account of pedagogical reasoning: Teaching by, and learning from, examples},
	Volume = {71},
	Year = {2014}}

@article{goodman2016,
	Author = {Goodman, Noah D and Frank, Michael C},
	Date-Added = {2017-07-18 18:04:06 +0000},
	Date-Modified = {2017-07-18 18:04:08 +0000},
	Journal = {Trends in cognitive sciences},
	Number = {11},
	Pages = {818--829},
	Publisher = {Elsevier},
	Title = {Pragmatic language interpretation as probabilistic inference},
	Volume = {20},
	Year = {2016}}

@article{duflo2015,
	Author = {Duflo, Esther and Dupas, Pascaline and Kremer, Michael},
	Date-Added = {2017-07-18 17:51:45 +0000},
	Date-Modified = {2017-07-18 17:51:48 +0000},
	Journal = {Journal of Public Economics},
	Pages = {92--110},
	Publisher = {Elsevier},
	Title = {School governance, teacher incentives, and pupil--teacher ratios: Experimental evidence from Kenyan primary schools},
	Volume = {123},
	Year = {2015}}

@article{duflo2011,
	Author = {Duflo, Esther and Dupas, Pascaline and Kremera, Michael},
	Date-Added = {2017-07-18 17:51:34 +0000},
	Date-Modified = {2017-07-18 17:51:48 +0000},
	Journal = {The American Economic Review},
	Number = {5},
	Pages = {1739--1774},
	Publisher = {American Economic Association},
	Title = {Peer effects, teacher incentives, and the impact of tracking: Evidence from a randomized evaluation in Kenya},
	Volume = {101},
	Year = {2011}}

@article{avrahami1997,
	Author = {Avrahami, Judith and Kareev, Yaakov and Bogot, Yonatan and Caspi, Ruth and Dunaevsky, Salomka and Lerner, Sharon},
	Date-Added = {2017-07-18 17:27:13 +0000},
	Date-Modified = {2017-07-18 17:27:15 +0000},
	Journal = {The Quarterly Journal of Experimental Psychology: Section A},
	Number = {3},
	Pages = {586--606},
	Publisher = {Taylor \& Francis},
	Title = {Teaching by examples: Implications for the process of category acquisition},
	Volume = {50},
	Year = {1997}}

@article{sadler1989,
	Author = {Sadler, D Royce},
	Date-Added = {2017-01-28 22:22:05 +0000},
	Date-Modified = {2017-01-28 22:22:08 +0000},
	Journal = {Instructional science},
	Number = {2},
	Pages = {119--144},
	Publisher = {Springer},
	Title = {Formative assessment and the design of instructional systems},
	Volume = {18},
	Year = {1989}}

@inproceedings{frank2014,
	Author = {Frank, Michael C},
	Booktitle = {CogSci},
	Date-Added = {2017-01-25 19:42:47 +0000},
	Date-Modified = {2017-01-25 19:42:55 +0000},
	Title = {Modeling the dynamics of classroom education using teaching games.},
	Year = {2014}}

@electronic{goodman2017,
	Author = {Goodman, Noah D and Stuhlm\"uller, Andreas},
	Date-Added = {2017-01-25 19:36:35 +0000},
	Date-Modified = {2017-01-25 19:37:18 +0000},
	Title = {The Design and Implementation of Probabilistic Programming Languages},
	Url = {http://dippl.org},
	Urldate = {2017},
	Bdsk-Url-1 = {http://dippl.org}}

@book{tomlinson1999,
	Author = {Tomlinson, Carol A},
	Date-Added = {2014-05-01 20:18:52 +0000},
	Date-Modified = {2014-05-01 20:31:39 +0000},
	Publisher = {Association for Supervision \& Curriculum Development},
	Title = {The differentiated classroom: Responding to the needs of all learners},
	Year = {1999}}

@book{torrance1998,
	Address = {Florence, KY},
	Author = {Torrance, Harry and Pryor, John},
	Date-Added = {2014-01-26 04:57:15 +0000},
	Date-Modified = {2014-01-26 04:59:41 +0000},
	Publisher = {Taylor \& Francis},
	Title = {Investigating Formative Assessment: Teaching, Learning and Assessment in the Classroom.},
	Year = {1998}}

@incollection{jager2010,
	Author = {J\"ager, Gerhard},
	Booktitle = {{Handbook of Logic and Language}},
	Date-Added = {2014-01-08 21:18:49 +0000},
	Date-Modified = {2014-01-26 05:02:31 +0000},
	Editor = {J. van Benthem and A. ter Meulen},
	Pages = {467-491},
	Publisher = {Elsevier},
	Title = {Game-Theoretical Pragmatics},
	Year = {2010}}

@article{frank2013,
	Author = {Frank, Michael C},
	Date-Added = {2014-01-02 21:54:57 +0000},
	Date-Modified = {2014-01-26 05:00:37 +0000},
	Journal = {Cognition},
	Number = {3},
	Pages = {417--423},
	Publisher = {Elsevier},
	Title = {{Throwing out the Bayesian baby with the optimal bathwater: Response to Endress (2013}},
	Volume = {128},
	Year = {2013}}

@article{geisler2003,
	Author = {Geisler, Wilson S},
	Date-Added = {2014-01-02 21:54:49 +0000},
	Date-Modified = {2014-01-02 21:55:10 +0000},
	Journal = {The visual neurosciences},
	Pages = {825--837},
	Title = {Ideal observer analysis},
	Year = {2003}}

@article{fuchs1986,
	Author = {Fuchs, Lynn S and Fuchs, Douglas},
	Date-Added = {2014-01-02 20:30:49 +0000},
	Date-Modified = {2017-01-28 22:24:29 +0000},
	Journal = {Exceptional children},
	Publisher = {Council for Exceptional Children},
	Title = {Effects of systematic formative evaluation: A meta-analysis},
	Year = {1986}}

@article{slavin1989,
	Author = {Slavin, Robert E},
	Date-Added = {2014-01-02 20:29:51 +0000},
	Date-Modified = {2014-01-02 21:55:10 +0000},
	Journal = {Educational Psychologist},
	Number = {1},
	Pages = {99--110},
	Publisher = {Taylor \& Francis},
	Title = {Class size and student achievement: Small effects of small classes},
	Volume = {24},
	Year = {1989}}

@article{slavin1987,
	Author = {Slavin, Robert E},
	Date-Added = {2014-01-02 20:29:43 +0000},
	Date-Modified = {2014-01-02 21:55:10 +0000},
	Journal = {Review of educational research},
	Number = {3},
	Pages = {293--336},
	Publisher = {Sage Publications},
	Title = {Ability grouping and student achievement in elementary schools: A best-evidence synthesis},
	Volume = {57},
	Year = {1987}}

@article{slavin1990,
	Author = {Slavin, Robert E},
	Date-Added = {2014-01-02 20:22:37 +0000},
	Date-Modified = {2014-01-02 21:55:10 +0000},
	Journal = {Review of educational research},
	Number = {3},
	Pages = {471--499},
	Publisher = {Sage Publications},
	Title = {Achievement effects of ability grouping in secondary schools: A best-evidence synthesis},
	Volume = {60},
	Year = {1990}}

@book{wheelock1992,
	Author = {Wheelock, Anne},
	Date-Added = {2014-01-02 20:20:27 +0000},
	Date-Modified = {2014-01-02 21:55:10 +0000},
	Publisher = {ERIC},
	Title = {Crossing the Tracks: How" Untracking" Can Save America's Schools.},
	Year = {1992}}

@inproceedings{shafto2008,
	Author = {Shafto, Patrick and Goodman, Noah},
	Booktitle = {{Proceedings of the 30th Annual Conference of the Cognitive Science Society}},
	Date-Added = {2013-12-31 19:25:20 +0000},
	Date-Modified = {2014-01-26 05:00:10 +0000},
	Organization = {Cognitive Science Society Austin, TX},
	Title = {Teaching games: Statistical sampling assumptions for learning in pedagogical situations},
	Year = {2008}}

@article{frank2012,
	Author = {Frank, Michael C and Goodman, Noah D},
	Date-Added = {2013-12-31 19:25:04 +0000},
	Date-Modified = {2014-01-02 21:55:10 +0000},
	Journal = {Science},
	Number = {6084},
	Pages = {998--998},
	Publisher = {American Association for the Advancement of Science},
	Title = {Predicting pragmatic reasoning in language games},
	Volume = {336},
	Year = {2012}}

@article{shafto2012,
	Author = {Shafto, Patrick and Goodman, Noah D and Frank, Michael C},
	Date-Added = {2013-12-31 19:24:50 +0000},
	Date-Modified = {2014-01-26 05:03:10 +0000},
	Journal = {Perspectives on Psychological Science},
	Number = {4},
	Pages = {341--351},
	Publisher = {Sage Publications},
	Title = {{Learning from others: The consequences of psychological reasoning for human learning}},
	Volume = {7},
	Year = {2012}}

@article{glass1979,
	Author = {Glass, Gene V and Smith, Mary Lee},
	Date-Added = {2013-12-30 23:46:04 +0000},
	Date-Modified = {2014-01-02 21:55:10 +0000},
	Journal = {Educational evaluation and policy analysis},
	Number = {1},
	Pages = {2--16},
	Publisher = {JSTOR},
	Title = {Meta-analysis of research on class size and achievement},
	Volume = {1},
	Year = {1979}}

@book{cover2012,
	Author = {Cover, Thomas M and Thomas, Joy A},
	Date-Added = {2013-12-30 23:45:56 +0000},
	Date-Modified = {2014-01-02 21:55:10 +0000},
	Publisher = {John Wiley \& Sons},
	Title = {Elements of information theory},
	Year = {2012}}

@article{cohen1982,
	Author = {Cohen, Peter A and Kulik, James A and Kulik, Chen-Lin C},
	Journal = {American educational research journal},
	Number = {2},
	Pages = {237--248},
	Publisher = {Sage Publications},
	Title = {Educational outcomes of tutoring: A meta-analysis of findings},
	Volume = {19},
	Year = {1982}}
