%% This BibTeX bibliography file was created using BibDesk.
%% http://bibdesk.sourceforge.net/


%% Created for Michael Frank at 2013-12-31 11:25:27 -0800 


%% Saved with string encoding Unicode (UTF-8) 



@inproceedings{shafto2008,
	Author = {Shafto, Patrick and Goodman, Noah},
	Booktitle = {Proceedings of the thirtieth annual conference of the cognitive science society},
	Date-Added = {2013-12-31 19:25:20 +0000},
	Date-Modified = {2013-12-31 19:25:26 +0000},
	Organization = {Cognitive Science Society Austin, TX},
	Pages = {1632--1637},
	Title = {Teaching games: Statistical sampling assumptions for learning in pedagogical situations},
	Year = {2008}}

@article{frank2012,
	Author = {Frank, Michael C and Goodman, Noah D},
	Date-Added = {2013-12-31 19:25:04 +0000},
	Date-Modified = {2013-12-31 19:25:26 +0000},
	Journal = {Science},
	Number = {6084},
	Pages = {998--998},
	Publisher = {American Association for the Advancement of Science},
	Title = {Predicting pragmatic reasoning in language games},
	Volume = {336},
	Year = {2012}}

@article{shafto2012,
	Author = {Shafto, Patrick and Goodman, Noah D and Frank, Michael C},
	Date-Added = {2013-12-31 19:24:50 +0000},
	Date-Modified = {2013-12-31 19:25:26 +0000},
	Journal = {Perspectives on Psychological Science},
	Number = {4},
	Pages = {341--351},
	Publisher = {Sage Publications},
	Title = {Learning From Others The Consequences of Psychological Reasoning for Human Learning},
	Volume = {7},
	Year = {2012}}

@article{glass1979,
	Author = {Glass, Gene V and Smith, Mary Lee},
	Date-Added = {2013-12-30 23:46:04 +0000},
	Date-Modified = {2013-12-30 23:46:13 +0000},
	Journal = {Educational evaluation and policy analysis},
	Number = {1},
	Pages = {2--16},
	Publisher = {JSTOR},
	Title = {Meta-analysis of research on class size and achievement},
	Volume = {1},
	Year = {1979}}

@book{cover2012,
	Author = {Cover, Thomas M and Thomas, Joy A},
	Date-Added = {2013-12-30 23:45:56 +0000},
	Date-Modified = {2013-12-30 23:46:13 +0000},
	Publisher = {John Wiley \& Sons},
	Title = {Elements of information theory},
	Year = {2012}}

@article{cover1994,
	Author = {Cover, Thomas M and Thomas, Joy A and Kieffer, John},
	Date-Added = {2013-12-30 23:45:45 +0000},
	Date-Modified = {2013-12-30 23:46:13 +0000},
	Journal = {SIAM Review},
	Number = {3},
	Pages = {509--510},
	Publisher = {Philadelphia, Society for Industrial and Applied Mathematics.},
	Title = {Elements of information theory},
	Volume = {36},
	Year = {1994}}
